<?xml version="1.0" encoding="UTF-8"?><collection xmlns="http://www.loc.gov/MARC21/slim"><record><leader>00374nam--2200133-i-4500</leader><controlfield tag="001">000001059</controlfield><controlfield tag="002">20161230</controlfield><controlfield tag="005">20161230201024</controlfield><controlfield tag="008">060222s1000------------r-----000-0-eng-d</controlfield><datafield ind1=" " ind2=" " tag="080"><subfield code="a">92:539.1(092)</subfield></datafield><datafield ind1=" " ind2=" " tag="100"><subfield code="a">Hermann, Armin</subfield></datafield><datafield ind1=" " ind2=" " tag="245"><subfield code="a">Werner heisenberg in selbstzeugnissen und bilddokumenten</subfield></datafield><datafield ind1=" " ind2=" " tag="260"><subfield code="a">Hamburg, Rowohlt, Taschenbuch Verlag Gmbh,1976 152 P</subfield></datafield><datafield ind1=" " ind2=" " tag="852"><subfield code="a">43509</subfield></datafield></record></collection>